%% This BibTeX bibliography file was created using BibDesk.
%% http://bibdesk.sourceforge.net/


%% Created for Jyh-Ming Lien at 2010-10-21 13:30:08 -0400 


%% Saved with string encoding Unicode (UTF-8) 




@article{demaine,
	Author = {Erik D. Demaine, Martian L. Demaine and Anna Lubiw},
	Title = {Folding and Cutting Paper},
 	journal        = {Deaprtment of Computer Science, University of Waterloo, Canada},
	}


@article{cacciola,
	Author = {Fernando Cacciola},
	Title = {A CGAL implementation of the Straight Skeleton of a Simple 2D Polygon with Holes},
 	journal        = {SciSoft},
	url = {http://www.dma.fi.upm.es/mabellanas/tfcs/skeleton/html/documentacion/documentacion.html},
	}

@ONLINE{CGALss,
author = {CGAL Manual},
title = {CGAL 4.7 - 2D Straight Skeleton and Polygon Offsetting},
url = {http://doc.cgal.org/latest/Straight_skeleton_2/index}
}

@ONLINE{MV,
author = {Erik Demaine},
title = {Lecture: Geometric Folding Algorithms: Linkages, Origami, Polyhedra (Fall 2010)},
url = {http://courses.csail.mit.edu/6.849/fall10/lectures/L07}
}

@ONLINE{biunno,
author = {Eric Biunno},
title = {The Origami Polygon Cutting Theorem, McGill University, Fall 2003},
url = {http://cgm.cs.mcgill.ca/~athens/cs507/Projects/2003/EricBiunno}
}



